<collection xmlns="http://www.loc.gov/MARC21/slim">
   <record>
      <leader>05993nam a2200433 i 4500</leader>
      <controlfield tag="001">6749018</controlfield>
      <controlfield tag="003">FlBoTFG</controlfield>
      <controlfield tag="005">20141121161956.0</controlfield>
      <controlfield tag="006">m|||||o||d||||||||</controlfield>
      <controlfield tag="007">cr||||</controlfield>
      <controlfield tag="008">141121t20152015ne ad   ob    001 0 eng d</controlfield>
      <datafield ind1=" " ind2=" " tag="020">
         <subfield code="a">9781315722955 (e-book : PDF)</subfield>
      </datafield>
      <datafield ind1=" " ind2=" " tag="035">
         <subfield code="a">ocn896840125</subfield>
      </datafield>
      <datafield ind1=" " ind2=" " tag="039">
         <subfield code="a">exclude</subfield>
      </datafield>
      <datafield ind1=" " ind2=" " tag="040">
         <subfield code="a">FlBoTFG</subfield>
         <subfield code="b">eng</subfield>
         <subfield code="c">FlBoTFG</subfield>
         <subfield code="e">rda</subfield>
         <subfield code="d">AEU</subfield>
      </datafield>
      <datafield ind1=" " ind2="4" tag="050">
         <subfield code="a">TF845</subfield>
         <subfield code="b">.U53 2015</subfield>
      </datafield>
      <datafield ind1=" " ind2=" " tag="090">
         <subfield code="a">Internet Access</subfield>
         <subfield code="b">AEU</subfield>
      </datafield>
      <datafield ind1="0" ind2="0" tag="245">
         <subfield code="a">Underground infrastructure of urban areas 3 /</subfield>
         <subfield code="c">editors, Cezary Madryas, Andrzej Kolonko, Beata Nienartowicz &amp; Arkadiusz Szot, Institute of Civil Engineering, Wrocław University of Technology, Wrocław, Poland.</subfield>
      </datafield>
      <datafield ind1=" " ind2="1" tag="264">
         <subfield code="a">Leiden, The Netherlands :</subfield>
         <subfield code="b">CRC Press/Balkema,</subfield>
         <subfield code="c">[2015]</subfield>
      </datafield>
      <datafield ind1=" " ind2="4" tag="264">
         <subfield code="c">©2015</subfield>
      </datafield>
      <datafield ind1=" " ind2=" " tag="300">
         <subfield code="a">1 online resource.</subfield>
      </datafield>
      <datafield ind1=" " ind2=" " tag="336">
         <subfield code="a">text</subfield>
         <subfield code="2">rdacontent</subfield>
         <subfield code="0">http://id.loc.gov/vocabulary/contentTypes/txt</subfield>
      </datafield>
      <datafield ind1=" " ind2=" " tag="337">
         <subfield code="a">computer</subfield>
         <subfield code="2">rdamedia</subfield>
         <subfield code="0">http://id.loc.gov/vocabulary/mediaTypes/c</subfield>
      </datafield>
      <datafield ind1=" " ind2=" " tag="338">
         <subfield code="a">online resource</subfield>
         <subfield code="2">rdacarrier</subfield>
         <subfield code="0">http://id.loc.gov/vocabulary/carriers/cr</subfield>
      </datafield>
      <datafield ind1=" " ind2=" " tag="500">
         <subfield code="a">"A Balkema book."</subfield>
      </datafield>
      <datafield ind1=" " ind2=" " tag="504">
         <subfield code="a">Includes bibliographical references and index.</subfield>
      </datafield>
      <datafield ind1="0" ind2=" " tag="505">
         <subfield code="a">Trenchless installation technologies of sea outfalls, intakes and landfalls / D. Petrow-Ganew, L. Zur Linde and T. Abel -- Special cements and concrete durability / A. Garbacik, W. Drożdż and Z. Giergiczny -- Durability of composites made with fly ash : slag cements with a low content of Portland cement clinker / Z. Giergiczny and K. Synowiec -- Trenchless pipe construction : benefits by hard and soft evaluation criteria / H. Görg and A. Krüger -- Image processing and analysis as a diagnostic tool for an underground infrastructure technical condition monitoring / H. Kleta and A. Heyduk -- Variable-diameter conduits for water grids / A. Kolonko and A. Kolonko -- Improved road embankment loess substrate under earthquake hazards / J. Kozubal, A. Szot and D. Steshenko -- Influence of PVC pipe deflection on the thickness of CIPP rehabilitation liners / E. Kuliczkowska -- The effect of glazing of vitrified clay pipes to load capacity growth of them after rehabilitation with CIPP liners / A. Kuliczkowski and K. Mogielski -- The technical and economic conditions for the construction of the central section of Metro Line II in Warsaw / J. Lejk -- Deformations of corrugated steel tunnel during construction / C. Machelski and L. Janusz -- Microtunneling as an alternative for crossing rivers during the execution of urban network infrastructure / C. Madryas, L. Wysocki, J. Ośmiałowski and M. Ośmiałowski -- The FEM back-analysis of earth pressure coefficient at rest in Brno clay K0 with the homogenization of steel/shotcrete lining / J. Rott and D. Mašín -- Risk assessment for infrastructures of urban areas / P.M. Mayer, A.S. Corriols, P. Hartkorn and M. Messing -- Influence of experience acquired in the construction of the Warsaw Metro on current designs of underground structures / H. Michalak -- Modern devices for detecting leakages in water supply networks / K. Miszta-Kruk, M. Kwietniewski, A. Malesińska and J. Chudzicki --</subfield>
      </datafield>
      <datafield ind1="0" ind2=" " tag="505">
         <subfield code="a">Evaluation of deep excavation impact on surrounding structures--a case study / M. Mitew-Czajewska -- Vertical drilling depths in solid rock with the flame melting drilling technique / D.P.F. Moeller and R. Bielecki -- Analysis of selected aspects of the operation of pipelines renewed with the relining method on the basis of laboratory testing results / B. Nienartowicz -- Impact of pressure control on water loses in distribution net / F.G. Piechurski -- Key factors of success in pipe jacking, explained by means of a project realized in the Atacama desert--the first jacking project in Chile after almost 20 years : preparation is the key! / B. Prommegger -- Trenchless technologies for the construction of small diameter water supply and sewer networks : selected issues / B. Przybyła -- Realistic classification of stoneware sewerage network technical condition / A. Raganowicz, J. Dziopak and D. Słyś -- Models of level diversification assessment of Water Supply Subsystem / J.R. Rak and A. Włoch -- Construction of metro station underneath the existing road tunnel / A. Siemińska-Lewandowska -- Hydraulic analysis of functioning of the Przemyśl town sewage system / D. Słyś, J. Dziopak and A. Raganowicz -- Buried steel structures in urban infrastructure : underpass on the Kapitulna street in Włocławek / P. Tomala, A. Marecki, M. Woch and K. Mikołajczak -- Application of prestressed concrete pipes to deep pipelines / R. Wróblewski and A. Kmita -- The specificity of construction of eco civil engineering objects in transport infrastructure using trenchless technology / A. Wysokowski and C. Madryas -- Subway in Wroclaw / M. Żabiński [and seven others] -- The Wrocław metro : geology, hydrogeology and tunneling perspective / A. Żelaźniewicz and PAN-METRO Group -- Analysis and evaluation of progress in the implementation of a road tunnel under the Martwa Wisła River in Gdańsk, Poland / I. Żygowska [and five others].</subfield>
      </datafield>
      <datafield ind1=" " ind2=" " tag="596">
         <subfield code="a">44</subfield>
      </datafield>
      <datafield ind1=" " ind2="0" tag="650">
         <subfield code="a">Subways.</subfield>
         <subfield code="0">http://id.loc.gov/authorities/subjects/sh85129574</subfield>
      </datafield>
      <datafield ind1="1" ind2=" " tag="700">
         <subfield code="a">Madryas, Cezary,</subfield>
         <subfield code="e">editor.</subfield>
         <subfield code="0">http://id.loc.gov/authorities/names/n2008051964</subfield>
         <subfield code="0">http://viaf.org/viaf/101780884</subfield>
      </datafield>
      <datafield ind1="1" ind2=" " tag="700">
         <subfield code="a">Kolonko, Andrzej,</subfield>
         <subfield code="e">editor.</subfield>
         <subfield code="0">http://viaf.org/viaf/250184603</subfield>
      </datafield>
      <datafield ind1="1" ind2=" " tag="700">
         <subfield code="a">Nienartowicz, Beata,</subfield>
         <subfield code="e">editor.</subfield>
         <subfield code="0">http://id.loc.gov/authorities/names/no2012058119</subfield>
         <subfield code="0">http://viaf.org/viaf/239697754</subfield>
      </datafield>
      <datafield ind1="1" ind2=" " tag="700">
         <subfield code="a">Szot, Arkadiusz,</subfield>
         <subfield code="e">editor.</subfield>
         <subfield code="0">http://id.loc.gov/authorities/names/no2009109185</subfield>
         <subfield code="0">http://viaf.org/viaf/91159429</subfield>
      </datafield>
      <datafield ind1=" " ind2=" " tag="758">
         <subfield code="0">http://worldcat.org/entity/work/id/24492736</subfield>
      </datafield>
      <datafield ind1="0" ind2=" " tag="787">
         <subfield code="n">OCLC Work Id</subfield>
         <subfield code="o">http://worldcat.org/entity/work/id/24492736</subfield>
      </datafield>
      <datafield ind1="4" ind2="0" tag="856">
         <subfield code="3">University of Alberta Access</subfield>
         <subfield code="u">http://marc.crcnetbase.com/isbn/9781315722955</subfield>
         <subfield code="z">(Unlimited Concurrent Users)</subfield>
      </datafield>
      <datafield ind1=" " ind2=" " tag="949">
         <subfield code="h">UAIN</subfield>
         <subfield code="z">CRC</subfield>
      </datafield>
      <datafield ind1=" " ind2=" " tag="926">
         <subfield code="a">Internet Access</subfield>
         <subfield code="w">LC</subfield>
         <subfield code="c">1</subfield>
         <subfield code="i">6749018-1001</subfield>
         <subfield code="l">INTERNET</subfield>
         <subfield code="m">UAINTERNET</subfield>
         <subfield code="r">Y</subfield>
         <subfield code="s">Y</subfield>
         <subfield code="t">E-RESOURCE</subfield>
         <subfield code="u">12/2/2014</subfield>
         <subfield code="x">E-BOOK</subfield>
         <subfield code="z">CRC</subfield>
      </datafield>
   </record>
</collection>
